@article{khan2018novel,
  title={A novel image encryption scheme based on quantum dynamical spinning and rotations},
  author={Khan, Majid and Waseem, Hafiz Muhammad},
  journal={PloS one},
  volume={13},
  number={11},
  pages={e0206460},
  year={2018},
  publisher={Public Library of Science San Francisco, CA USA}
}
@inproceedings{qin2010improved,
  title={Improved known-plaintext attack on optical encryption based on double random phase encoding},
  author={Qin, Wan and Peng, Xiang and Meng, Xiangfeng and He, Wenqi},
  booktitle={2010 Symposium on Photonics and Optoelectronics},
  pages={1--4},
  year={2010},
  organization={IEEE}
}
@inproceedings{grassl2016applying,
  title={Applying Grover’s algorithm to AES: quantum resource estimates},
  author={Grassl, Markus and Langenberg, Brandon and Roetteler, Martin and Steinwandt, Rainer},
  booktitle={Post-Quantum Cryptography},
  pages={29--43},
  year={2016},
  organization={Springer}
}

@article{bonnetain2019quantum,
  title={Quantum security analysis of AES},
  author={Bonnetain, Xavier and Naya-Plasencia, Mar{\'\i}a and Schrottenloher, Andr{\'e}},
  journal={IACR Transactions on Symmetric Cryptology},
  volume={2019},
  number={2},
  pages={55--93},
  year={2019}
}
@article{zhou2020quantum,
  title={A Quantum Image Encryption Method Based on DNACNot},
  author={Zhou, Shihua},
  journal={IEEE Access},
  volume={8},
  pages={178336--178344},
  year={2020},
  publisher={IEEE}
}
@article{rhouma2010cryptanalysis,
  title={Cryptanalysis of a new substitution--diffusion based image cipher},
  author={Rhouma, Rhouma and Solak, Ercan and Belghith, Safya},
  journal={Communications in Nonlinear Science and Numerical Simulation},
  volume={15},
  number={7},
  pages={1887--1892},
  year={2010},
  publisher={Elsevier}
@article{ye2020image,
  title={An image encryption scheme based on public key cryptosystem and quantum logistic map},
  author={Ye, Guodong and Jiao, Kaixin and Huang, Xiaoling and Goi, Bok-Min and Yap, Wun-She},
  journal={Scientific Reports},
  volume={10},
  number={1},
  pages={1--19},
  year={2020},
  publisher={Nature Publishing Group}
}

@article{abd2021optical,
  title={Optical image encryption based on quantum walks},
  author={Abd-El-Atty, Bassem and Iliyasu, Abdullah M and Alanezi, Ahmad and Abd El-latif, Ahmed A},
  journal={Optics and Lasers in Engineering},
  volume={138},
  pages={106403},
  year={2021},
  publisher={Elsevier}
}

@article{hu2020quantum,
  title={Quantum image encryption algorithm based on Arnold scrambling and wavelet transforms},
  author={Hu, Wen-Wen and Zhou, Ri-Gui and Luo, Jia and Jiang, She-Xiang and Luo, Gao-Feng},
  journal={Quantum Information Processing},
  volume={19},
  number={3},
  pages={1--29},
  year={2020},
  publisher={Springer}
}

@article{hua2015quantum,
  title={Quantum image encryption algorithm based on image correlation decomposition},
  author={Hua, Tianxiang and Chen, Jiamin and Pei, Dongju and Zhang, Wenquan and Zhou, Nanrun},
  journal={International Journal of Theoretical Physics},
  volume={54},
  number={2},
  pages={526--537},
  year={2015},
  publisher={Springer}
}
@article{zhang2013neqr,
  title={NEQR: a novel enhanced quantum representation of digital images},
  author={Zhang, Yi and Lu, Kai and Gao, Yinghui and Wang, Mo},
  journal={Quantum information processing},
  volume={12},
  number={8},
  pages={2833--2860},
  year={2013},
  publisher={Springer}
}
@article{abhijith2018quantum,
  title={Quantum algorithm implementations for beginners},
  author={Abhijith, J and Adedoyin, Adetokunbo and Ambrosiano, John and Anisimov, Petr and B{\"a}rtschi, Andreas and Casper, William and Chennupati, Gopinath and Coffrin, Carleton and Djidjev, Hristo and Gunter, David and others},
  journal={arXiv e-prints},
  pages={arXiv--1804},
  year={2018}
}
@book{blinder2020introduction,
  title={Introduction to quantum mechanics},
  author={Blinder, Seymour Michael},
  year={2020},
  publisher={Academic Press}
}

@article{kwiat2018entanglement,
  title={Entanglement and Quantum Information},
  author={Kwiat, PG and James, DFV},
  journal={Encyclopedia of Modern Optics},
  pages={478},
  year={2018},
  publisher={Academic Press}
}

@article{almazrooie2018quantum,
  title={Quantum reversible circuit of AES-128},
  author={Almazrooie, Mishal and Samsudin, Azman and Abdullah, Rosni and Mutter, Kussay N},
  journal={Quantum Information Processing},
  volume={17},
  number={5},
  pages={1--30},
  year={2018},
  publisher={Springer}
}

@book{band2013quantum,
  title={Quantum mechanics with applications to nanotechnology and information science},
  author={Band, Yehuda B and Avishai, Yshai},
  year={2013},
  publisher={Academic Press}
}
@article{cao2018novel,
  title={A novel bit-level image encryption algorithm based on 2D-LICM hyperchaotic map},
  author={Cao, Chun and Sun, Kehui and Liu, Wenhao},
  journal={Signal Processing},
  volume={143},
  pages={122--133},
  year={2018},
  publisher={Elsevier}
}
@inproceedings{biryukov2010key,
  title={Key recovery attacks of practical complexity on AES-256 variants with up to 10 rounds},
  author={Biryukov, Alex and Dunkelman, Orr and Keller, Nathan and Khovratovich, Dmitry and Shamir, Adi},
  booktitle={Annual International Conference on the Theory and Applications of Cryptographic Techniques},
  pages={299--319},
  year={2010},
  organization={Springer}
}
@inproceedings{grassl2016applying,
  title={Applying Grover’s algorithm to AES: quantum resource estimates},
  author={Grassl, Markus and Langenberg, Brandon and Roetteler, Martin and Steinwandt, Rainer},
  booktitle={Post-Quantum Cryptography},
  pages={29--43},
  year={2016},
  organization={Springer}
}
@inproceedings{derbez2013improved,
  title={Improved key recovery attacks on reduced-round AES in the single-key setting},
  author={Derbez, Patrick and Fouque, Pierre-Alain and Jean, J{\'e}r{\'e}my},
  booktitle={Annual International Conference on the Theory and Applications of Cryptographic Techniques},
  pages={371--387},
  year={2013},
  organization={Springer}
}
@inproceedings{martin2017quantum,
  title={Quantum key search with side channel advice},
  author={Martin, Daniel P and Montanaro, Ashley and Oswald, Elisabeth and Shepherd, Dan},
  booktitle={International Conference on Selected Areas in Cryptography},
  pages={407--422},
  year={2017},
  organization={Springer}
}
@inproceedings{grover1996fast,
  title={A fast quantum mechanical algorithm for database search},
  author={Grover, Lov K},
  booktitle={Proceedings of the twenty-eighth annual ACM symposium on Theory of computing},
  pages={212--219},
  year={1996}
}
@article{shor1999polynomial,
  title={Polynomial-time algorithms for prime factorization and discrete logarithms on a quantum computer},
  author={Shor, Peter W},
  journal={SIAM review},
  volume={41},
  number={2},
  pages={303--332},
  year={1999},
  publisher={SIAM}
}
@inproceedings{grassl2016applying,
  title={Applying Grover’s algorithm to AES: quantum resource estimates},
  author={Grassl, Markus and Langenberg, Brandon and Roetteler, Martin and Steinwandt, Rainer},
  booktitle={Post-Quantum Cryptography},
  pages={29--43},
  year={2016},
  organization={Springer}
}
@inproceedings{derbez2013exhausting,
  title={Exhausting Demirci-Sel{\c{c}}uk meet-in-the-middle attacks against reduced-round AES},
  author={Derbez, Patrick and Fouque, Pierre-Alain},
  booktitle={International workshop on fast software encryption},
  pages={541--560},
  year={2013},
  organization={Springer}
}
@article{liu2021quantum,
  title={Quantum key recovery attack on SIMON32/64},
  author={Liu, Hui and Yang, Li},
  journal={Cybersecurity},
  volume={4},
  number={1},
  pages={1--15},
  year={2021},
  publisher={SpringerOpen}
}
@article{li2016meet,
  title={Meet-in-the-middle attacks on 10-round AES-256},
  author={Li, Rongjia and Jin, Chenhui},
  journal={Designs, Codes and Cryptography},
  volume={80},
  number={3},
  pages={459--471},
  year={2016},
  publisher={Springer}
}
@inproceedings{mogos2016quantum,
  title={Quantum random number generator vs. random number generator},
  author={Mogos, Gabriela},
  booktitle={2016 International Conference on Communications (COMM)},
  pages={423--426},
  year={2016},
  organization={IEEE}
}
@Book{Daemen:2002:DRA,

author = "Joan Daemen and Vincent Rijmen",
 title = "The design of {Rijndael}: {AES} --- the {Advanced
 Encryption Standard}",
 publisher = "Spring{\-}er-Ver{\-}lag",
 pages = "238",
year = "2002",
ISBN = "3-540-42580-2"
} 
@article{daemen1999aes,
  title={AES proposal: Rijndael},
  author={Daemen, Joan and Rijmen, Vincent},
  year={1999},
  publisher={Gaithersburg, MD, USA}
}
@inproceedings{park2010fault,
  title={Fault attack for the iterative operation of AES S-Box},
  author={Park, JeaHoon and Moon, SangJae and Choi, DooHo and Kang, YouSung and Ha, JaeCheol},
  booktitle={5th International Conference on Computer Sciences and Convergence Information Technology},
  pages={550--555},
  year={2010},
  organization={IEEE}
}
@inproceedings{zou2020quantum,
  title={Quantum Circuit Implementations of AES with Fewer Qubits},
  author={Zou, Jian and Wei, Zihao and Sun, Siwei and Liu, Ximeng and Wu, Wenling},
  booktitle={International Conference on the Theory and Application of Cryptology and Information Security},
  pages={697--726},
  year={2020},
  organization={Springer}
}
@article{wang2021quantum,
  title={A quantum circuit design of AES},
  author={Wang, ZeGuo and Wei, ShiJie and Long, GuiLu},
  journal={arXiv preprint arXiv:2109.12354},
  year={2021}
}
@article{yamamura2000quantum,
  title={Quantum cryptanalysis of block ciphers (Algebraic Systems, Formal Languages and Computations)},
  author={Yamamura, Akihiro and Ishizuka, Hirokazu},
  journal={数理解析研究所講究録},
  volume={1166},
  pages={235--243},
  year={2000},
  publisher={京都大学数理解析研究所}
}
@article{saravanan2018novel,
  title={Novel reversible design of advanced encryption standard cryptographic algorithm for wireless sensor networks},
  author={Saravanan, P and Kalpana, P},
  journal={Wireless Personal Communications},
  volume={100},
  number={4},
  pages={1427--1458},
  year={2018},
  publisher={Springer}
}
@article{kaplan2014quantum,
  title={Quantum attacks against iterated block ciphers},
  author={Kaplan, Marc},
  journal={arXiv preprint arXiv:1410.1434},
  year={2014}
}
@article{li2016meet,
  title={Meet-in-the-middle attacks on 10-round AES-256},
  author={Li, Rongjia and Jin, Chenhui},
  journal={Designs, Codes and Cryptography},
  volume={80},
  number={3},
  pages={459--471},
  year={2016},
  publisher={Springer}
}
@article{ambainis2007quantum,
  title={Quantum walk algorithm for element distinctness},
  author={Ambainis, Andris},
  journal={SIAM Journal on Computing},
  volume={37},
  number={1},
  pages={210--239},
  year={2007},
  publisher={SIAM}
}
@article{roetteler2015note,
  title={A note on quantum related-key attacks},
  author={Roetteler, Martin and Steinwandt, Rainer},
  journal={Information Processing Letters},
  volume={115},
  number={1},
  pages={40--44},
  year={2015},
  publisher={Elsevier}
}
@article{simon1997power,
  title={On the power of quantum computation},
  author={Simon, Daniel R},
  journal={SIAM journal on computing},
  volume={26},
  number={5},
  pages={1474--1483},
  year={1997},
  publisher={SIAM}
}
@article{langenberg2020reducing,
  title={Reducing the cost of implementing the advanced encryption standard as a quantum circuit},
  author={Langenberg, Brandon and Pham, Hai and Steinwandt, Rainer},
  journal={IEEE Transactions on Quantum Engineering},
  volume={1},
  pages={1--12},
  year={2020},
  publisher={IEEE}
}
@inproceedings{zou2020quantum,
  title={Quantum Circuit Implementations of AES with Fewer Qubits},
  author={Zou, Jian and Wei, Zihao and Sun, Siwei and Liu, Ximeng and Wu, Wenling},
  booktitle={International Conference on the Theory and Application of Cryptology and Information Security},
  pages={697--726},
  year={2020},
  organization={Springer}
}
@article{wang2021quantum,
  title={A quantum circuit design of AES},
  author={Wang, ZeGuo and Wei, ShiJie and Long, GuiLu},
  journal={arXiv preprint arXiv:2109.12354},
  year={2021}
}
@article{zou2019observations,
  title={Observations on the Quantum Circuit of the SBox of AES.},
  author={Zou, Jian and Liu, Yongyang and Dong, Chen and Wu, Wenling and Dong, Le},
  journal={IACR Cryptol. ePrint Arch.},
  volume={2019},
  pages={1245},
  year={2019}
}
@article{heron2009advanced,
  title={Advanced encryption standard (AES)},
  author={Heron, Simon},
  journal={Network Security},
  volume={2009},
  number={12},
  pages={8--12},
  year={2009},
  publisher={Elsevier}
}
@article{kumar2012effective,
  title={Effective implementation and avalanche effect of AES},
  author={Kumar, Amish and Tiwari, Namita},
  journal={International Journal of Security, Privacy and Trust Management (IJSPTM)},
  volume={1},
  number={3/4},
  pages={31--35},
  year={2012}
}
@article{abdullah2017advanced,
  title={Advanced encryption standard (AES) algorithm to encrypt and decrypt data},
  author={Abdullah, AkoMuhamad},
  journal={Cryptography and Network Security},
  volume={16},
  pages={1--11},
  year={2017}
}
@book{chen2016report,
  title={Report on post-quantum cryptography},
  author={Chen, Lily and Chen, Lily and Jordan, Stephen and Liu, Yi-Kai and Moody, Dustin and Peralta, Rene and Perlner, Ray and Smith-Tone, Daniel},
  volume={12},
  year={2016},
  publisher={US Department of Commerce, National Institute of Standards and Technology}
}
@incollection{delfs2015symmetric,
  title={Symmetric-key cryptography},
  author={Delfs, Hans and Knebl, Helmut},
  booktitle={Introduction to Cryptography},
  pages={11--48},
  year={2015},
  publisher={Springer}
}
@article{shor2000simple,
  title={Simple proof of security of the BB84 quantum key distribution protocol},
  author={Shor, Peter W and Preskill, John},
  journal={Physical review letters},
  volume={85},
  number={2},
  pages={441},
  year={2000},
  publisher={APS}
}
@article{bennett2020quantum,
  title={Quantum cryptography: Public key distribution and coin tossing},
  author={Bennett, Charles H and Brassard, Gilles},
  journal={arXiv preprint arXiv:2003.06557},
  year={2020}
}
@article{wootters2009no,
  title={The no-cloning theorem},
  author={Wootters, William K and Zurek, Wojciech H},
  journal={Physics Today},
  volume={62},
  number={2},
  pages={76--77},
  year={2009}
}
@article{kumar2011investigations,
  title={Investigations in brute force attack on cellular security based on des and aes},
  author={Kumar, Neeraj},
  journal={IJCEM International Journal of Computational Engineering \& Management},
  volume={14},
  pages={50--52},
  year={2011},
  publisher={Citeseer}
}
@article{wang2018finite,
  title={Finite-key security analysis for quantum key distribution with leaky sources},
  author={Wang, Weilong and Tamaki, Kiyoshi and Curty, Marcos},
  journal={New Journal of Physics},
  volume={20},
  number={8},
  pages={083027},
  year={2018},
  publisher={IOP Publishing}
}